[gd_scene load_steps=11 format=2]

[ext_resource path="res://UI/Greeting.gd" type="Script" id=1]
[ext_resource path="res://UI/theme.tres" type="Theme" id=2]
[ext_resource path="res://UI/hand.png" type="Texture" id=3]
[ext_resource path="res://UI/exit.png" type="Texture" id=4]
[ext_resource path="res://UI/Symbols/fireball.png" type="Texture" id=5]
[ext_resource path="res://UI/inventory_small.png" type="Texture" id=6]
[ext_resource path="res://UI/map_closed.png" type="Texture" id=7]
[ext_resource path="res://UI/hat.png" type="Texture" id=8]
[ext_resource path="res://UI/book.png" type="Texture" id=9]

[sub_resource type="Animation" id=1]
resource_name = "base"
length = 2.0
loop = true
tracks/0/type = "value"
tracks/0/path = NodePath("hand:rect_position")
tracks/0/interp = 1
tracks/0/loop_wrap = true
tracks/0/imported = false
tracks/0/enabled = true
tracks/0/keys = {
"times": PoolRealArray( 0, 0.5, 1, 1.5, 2 ),
"transitions": PoolRealArray( 1, 1, 1, 1, 1 ),
"update": 0,
"values": [ Vector2( 282.483, 749.921 ), Vector2( 272.828, 534.891 ), Vector2( 421.762, 407.541 ), Vector2( 259.877, 254.29 ), Vector2( 259.877, 254.29 ) ]
}
tracks/1/type = "value"
tracks/1/path = NodePath("hand:modulate")
tracks/1/interp = 1
tracks/1/loop_wrap = true
tracks/1/imported = false
tracks/1/enabled = true
tracks/1/keys = {
"times": PoolRealArray( 0, 1.5, 2 ),
"transitions": PoolRealArray( 1, 1, 1 ),
"update": 0,
"values": [ Color( 1, 1, 1, 1 ), Color( 1, 1, 1, 1 ), Color( 1, 1, 1, 0 ) ]
}

[node name="Greeting" type="Control"]
anchor_right = 1.0
anchor_bottom = 1.0
theme = ExtResource( 2 )
script = ExtResource( 1 )
__meta__ = {
"_edit_use_anchors_": false
}
screens = PoolStringArray( "Battle1", "Battle2", "Battle3" )

[node name="Cont" type="ColorRect" parent="."]
anchor_right = 1.0
anchor_bottom = 1.0
mouse_filter = 2
color = Color( 0, 0, 0, 1 )
__meta__ = {
"_edit_use_anchors_": false
}

[node name="Battle1" type="Label" parent="Cont"]
visible = false
anchor_right = 1.0
anchor_bottom = 1.0
margin_left = 23.0
margin_right = -21.0
text = "GreetBattle"
align = 1
valign = 1
autowrap = true

[node name="Battle2" type="Control" parent="Cont"]
visible = false
anchor_right = 1.0
anchor_bottom = 1.0
mouse_filter = 2
__meta__ = {
"_edit_use_anchors_": false
}

[node name="Label" type="Label" parent="Cont/Battle2"]
margin_left = 15.5842
margin_top = 40.9083
margin_right = 123.584
margin_bottom = 74.9083
text = "100 Exp"
__meta__ = {
"_edit_use_anchors_": false
}

[node name="hat" type="TextureRect" parent="Cont/Battle2"]
margin_left = 21.4282
margin_top = 111.245
margin_right = 121.428
margin_bottom = 211.245
rect_min_size = Vector2( 100, 100 )
texture = ExtResource( 8 )
expand = true
stretch_mode = 6
__meta__ = {
"_edit_use_anchors_": false
}

[node name="inventory_small" type="TextureRect" parent="Cont/Battle2"]
margin_left = 19.4801
margin_top = 226.022
margin_right = 119.48
margin_bottom = 326.022
rect_min_size = Vector2( 100, 100 )
texture = ExtResource( 6 )
expand = true
stretch_mode = 6
__meta__ = {
"_edit_use_anchors_": false
}

[node name="book" type="TextureRect" parent="Cont/Battle2"]
margin_left = 21.4281
margin_top = 347.111
margin_right = 121.428
margin_bottom = 447.111
rect_min_size = Vector2( 100, 100 )
texture = ExtResource( 9 )
expand = true
stretch_mode = 6
__meta__ = {
"_edit_use_anchors_": false
}

[node name="map_closed" type="TextureRect" parent="Cont/Battle2"]
margin_left = 23.3761
margin_top = 470.836
margin_right = 123.376
margin_bottom = 570.836
rect_min_size = Vector2( 100, 100 )
texture = ExtResource( 7 )
expand = true
stretch_mode = 6

[node name="exit" type="TextureRect" parent="Cont/Battle2"]
margin_left = 21.4282
margin_top = 589.561
margin_right = 121.428
margin_bottom = 689.561
rect_min_size = Vector2( 100, 100 )
texture = ExtResource( 4 )
expand = true
stretch_mode = 6
__meta__ = {
"_edit_use_anchors_": false
}

[node name="Label2" type="Label" parent="Cont/Battle2"]
anchor_right = 1.0
margin_left = 148.0
margin_top = 6.0
margin_right = -9.0
margin_bottom = 108.0
text = "DescrExp"
valign = 1
autowrap = true

[node name="Label3" type="Label" parent="Cont/Battle2"]
anchor_right = 1.0
margin_left = 148.0
margin_top = 115.297
margin_right = -9.0
margin_bottom = 217.297
text = "DescrHat"
valign = 1
autowrap = true

[node name="Label4" type="Label" parent="Cont/Battle2"]
anchor_right = 1.0
margin_left = 149.948
margin_top = 226.178
margin_right = -7.05188
margin_bottom = 328.178
text = "InventoryDescr"
valign = 1
autowrap = true

[node name="Label5" type="Label" parent="Cont/Battle2"]
anchor_right = 1.0
margin_left = 149.948
margin_top = 341.422
margin_right = -7.05188
margin_bottom = 443.422
text = "DescrSpells"
valign = 1
autowrap = true

[node name="Label6" type="Label" parent="Cont/Battle2"]
anchor_right = 1.0
margin_left = 151.896
margin_top = 465.0
margin_right = -5.10388
margin_bottom = 567.0
text = "DescrMap"
valign = 1
autowrap = true

[node name="Label7" type="Label" parent="Cont/Battle2"]
anchor_right = 1.0
margin_left = 149.948
margin_top = 589.561
margin_right = -7.05188
margin_bottom = 691.561
text = "DescrToTown"
valign = 1
autowrap = true

[node name="Battle3" type="Control" parent="Cont"]
visible = false
anchor_right = 1.0
anchor_bottom = 1.0
mouse_filter = 2
__meta__ = {
"_edit_use_anchors_": false
}

[node name="AnimationPlayer" type="AnimationPlayer" parent="Cont/Battle3"]
autoplay = "base"
anims/base = SubResource( 1 )

[node name="fireball" type="TextureRect" parent="Cont/Battle3"]
margin_left = 254.863
margin_top = 253.754
margin_right = 453.863
margin_bottom = 764.754
texture = ExtResource( 5 )
expand = true

[node name="hand" type="TextureRect" parent="Cont/Battle3"]
anchor_left = 0.5
anchor_right = 0.5
margin_left = 14.3525
margin_top = 499.384
margin_right = 159.654
margin_bottom = 657.045
mouse_filter = 2
texture = ExtResource( 3 )
__meta__ = {
"_edit_use_anchors_": false
}

[node name="ColorRect" type="ColorRect" parent="Cont/Battle3/hand"]
show_behind_parent = true
margin_left = -175.743
margin_top = -681.123
margin_right = 169.257
margin_bottom = -6.12292
mouse_filter = 2
color = Color( 0, 0, 0, 1 )

[node name="Label" type="Label" parent="Cont/Battle3"]
anchor_right = 1.0
margin_top = 14.0
margin_bottom = 159.0
text = "DescrDraw"
align = 1
autowrap = true

[node name="Label2" type="Label" parent="Cont"]
anchor_top = 1.0
anchor_right = 1.0
anchor_bottom = 1.0
margin_top = -34.0
text = "Tap to continue..."
align = 1
__meta__ = {
"_edit_use_anchors_": false
}
[connection signal="gui_input" from="." to="." method="_on_Greeting_gui_input"]
